@booklet{lindholm99_java_virtual_machin_specif,
  author =	 {Tim Lindholm and Frank Yellin},
  title = 	 {The Java Virtual Machine Specification},
  publisher = 	 {Addison-Wesley},
  year = 	 1999,
  edition =	 {Second},
  month =	 {April}
}

@booklet{moore89_system_verif,
  author = 	 {J.S. Moore and W.R. Bevier and W. A. Hunt and W. D. Young},
  title = 	 {System Verification},
  journal = 	 {Special issue of J. of Automated Reasoning},
  year = 	 1989,
  volume =	 5,
  number =	 4
}
