@misc{cloud,
  key = {Cloud},
  title = {Cloud computing},
  howpublished = {\url{http://fr.wikipedia.org/wiki/Cloud_computing}}
}
@misc{dom,
  key = {Document},
  title = {Document Object Model},
  howpublished = {\url{http://fr.wikipedia.org/wiki/Document_Object_Model}}
}
@misc{infogerance,
  key = {Infogérance},
  title = {Infogérance},
  howpublished = {\url{http://fr.wikipedia.org/wiki/Infogérance}}
}
@misc{api,
  key = {Interface},
  title = {Interface de programmation},
  howpublished = {\url{http://fr.wikipedia.org/wiki/Interface_de_programmation}}
}
@misc{macro,
  key = {Macro},
  title = {Macro-commande},
  howpublished = {\url{http://fr.wikipedia.org/wiki/Macro-commande}}
}
@misc{excelpratique,
  key = {Excel},
  title = {Excel pratique},
  howpublished = {\url{http://www.excel-pratique.com}}
}
@misc{javadoc,
  key = {Javadoc},
  title = {Javadoc},
  howpublished = {\url{http://docs.oracle.com/javase/6/docs/api/}}
}
@misc{developpez,
  key = {Developpez},
  title = {Developpez},
  howpublished = {\url{http://www.developpez.net/}}
}
@misc{alloy,
  key = {Alloy},
  title = {Alloy},
  howpublished = {\url{http://alloy.mit.edu/alloy/}}
}
@misc{jetty,
  key = {Jetty},
  title = {Jetty},
  howpublished = {\url{http://www.eclipse.org/jetty/}}
}
@misc{tomcat,
  key = {Tomcat},
  title = {Tomcat},
  howpublished = {\url{http://tomcat.apache.org/}}
}
@misc{google,
  key = {google},
  title = {Google Code},
  howpublished = {\url{http://code.google.com/p/planbyco/}}
}
@misc{subversion,
  key = {subversion},
  title = {Subversion (svn)},
  howpublished = {\url{http://subversion.tigris.org/}}
}


